<?xml version="1.0" encoding="UTF-8"?><collection xmlns="http://www.loc.gov/MARC21/slim"><record><leader>00710nam--2200205-i-4500</leader><controlfield tag="001">000030867</controlfield><controlfield tag="002">20161230</controlfield><controlfield tag="005">20161230201038</controlfield><controlfield tag="008">060222s1000------------r-----000-0-eng-d</controlfield><datafield ind1=" " ind2=" " tag="020"><subfield code="a">0444007873</subfield></datafield><datafield ind1=" " ind2=" " tag="040"><subfield code="a">IFIN-HH</subfield></datafield><datafield ind1=" " ind2=" " tag="080"><subfield code="a">539.1.074</subfield></datafield><datafield ind1="1" ind2=" " tag="100"><subfield code="a">Haller, E.E</subfield></datafield><datafield ind1="1" ind2="0" tag="245"><subfield code="a">Nuclear radiation detector materials</subfield><subfield code="b">Volume 16 materials research society symposia proceedings. symposium held november 1982 in boston, massachusetts, usa</subfield><subfield code="c">E.e. haller, h.w. kraner, w.a. higinbotham (eds.)</subfield></datafield><datafield ind1=" " ind2=" " tag="260"><subfield code="a">New York</subfield><subfield code="b">North-holland</subfield><subfield code="c">1983</subfield></datafield><datafield ind1=" " ind2=" " tag="300"><subfield code="a">243P</subfield></datafield><datafield ind1=" " ind2=" " tag="490"><subfield code="a">Materials Research Society Symposia Proceedings</subfield></datafield><datafield ind1="1" ind2=" " tag="700"><subfield code="a">Higinbotham, W.A</subfield><subfield code="e">Ed</subfield></datafield><datafield ind1=" " ind2=" " tag="852"><subfield code="a">49226</subfield><subfield code="c">539</subfield></datafield><datafield ind1=" " ind2=" " tag="CAT"><subfield code="a">Sys</subfield><subfield code="c">20111012</subfield><subfield code="h">144103</subfield></datafield></record></collection>